@book{dynamicmarkov,
    author = {Ursula Porod},
    year = {2021},
    title = {Dynamics of Markov Chains for Undergraduates},
    publisher = {Self-publishing},
    edition = {1st}
}

@book{statistical,
    author = {George Casella and Roger L. Berger},
    year = {2001},
    title = {Statistical Inference},
    publisher = {Cengage Learning},
    edition = {2nd}
}

@book{probability,
    author = {Geoffrey R. Grimmett and David R. Stirzaker},
    year = {2001},
    title = {Probability and Random Processes},
    publisher = {Oxford University Press},
    edition = {3rd}
}

@book{understandingmarkov,
    author = {Nicolas Privault},
    year = {2018},
    title = {Understanding Markov Chains},
    publisher = {Springer Singapore},
    edition = {2nd}
}

@mastersthesis{alsolami,
    title    = {Markov Chains and their applications},
    school   = {University of Texas at Tyler},
    author   = {Fariha Mahfuz},
    year     = {2021}
}

@misc{mudan,
    title = {Eigenvalues of a Stochastic Matrix is Always Less than or Equal to 1},
    howpublished = {\url{https://yutsumura.com/eigenvalues-of-a-stochastic-matrix-is-always-less-than-or-equal-to-1/}}
}

@misc{mudan2,
    title = {24. Markov Matrices; Fourier Series},
    author = {Gilbert Strang},
    howpublished = {\url{https://www.youtube.com/watch?v=lGGDIGizcQ0&t=13s}},
    year = {2005}
}

@book{mudan3,
    author = {Gilbert Strang},
    year = {2016},
    title = {Introduction to Linear Algebra},
    publisher = {Wellesley-Cambridge Press},
    edition = {5nd}
}

@article{article1,
author = {Lee, Soogeun and Ko, J and Tan, Xi and Patel, Isha and Balkrishnan, Rajesh and Chang, J},
year = {2014},
month = {03},
pages = {107-15},
title = {Markov Chain Modelling Analysis of HIV/AIDS Progression: A Race-based Forecast in the United States},
volume = {76},
journal = {Indian journal of pharmaceutical sciences}
}